@book{Goodfellow16,
    title={Deep Learning},
    author={Ian Goodfellow and Yoshua Bengio and Aaron Courville},
    publisher={MIT Press},
    note={\url{http://www.deeplearningbook.org}},
    year={2016}
}

@article{Greiner97,
    title={Carbon Monoxide Concentrations: Table},
    author={Thomas H. Greiner},
    publisher={ISU Extension Pub # AEN-172},
    note={\url{https://www.abe.iastate.edu/extension-and-outreach/carbon-monoxide-concentrations-table-aen-172/}},
    year={1997}
}

@book{Jolliffe02,
    title={Principle Component Analysis -- 2nd Ed.},
	author={Jolliffe, I.T.},
	publisher={Library of Congress},
	year={2002}
}

@article{Quilodran21,
  title={Adversarial autoencoders and adversarial LSTM for improved forecasts of urban air pollution simulations},
  author={Quilodran-Casas, Cesar and Arcucci, Rossella and Laetitia,Mottet and Guo, Yike and Pain, Christopher C},
  journal={https://arxiv.org/abs/2104.06297},
  year={2021}
}

@article{NAAQS09,
   title={Carbon Monoxide NAAQS: Scope and Methods Plan for Health Risk and Exposure Assessment},
   author={EPA},
   publisher={Research Triangle Park, NC 27711},
   note={\url{https://www.epa.gov/sites/production/files/2020-07/documents/2009_04_coscopeandmethodsplan.pdf}},
   year={2009}
}

@article{Trunk79,  
    title={A Problem of Dimensionality: A Simple Example},
    author={Trunk, G. V.},  
    journal={IEEE Transactions on Pattern Analysis and Machine Intelligence},  
    volume={PAMI-1},
    number={3},
    pages={306-307},  
    doi={10.1109/TPAMI.1979.4766926},
    note={\url{https://ieeexplore.ieee.org/document/4766926}},
    year={1979}
}
@article{Wang19,
    title={Carbon Monoxide and risk of outpatient visits due to  cause-specific diseases},
    author={Wang, Yu and Yao, Chengye and Xu, Chengzhong and et al.},
    publisher={Environ Health},
    note={\url{https://ehjournal.biomedcentral.com/articles/10.1186/s12940-019-0477-3}},
    year={2019}
}
